@misc{amir2016modellingcontextuserembeddings,
  title         = {Modelling Context with User Embeddings for Sarcasm Detection in Social Media},
  author        = {Silvio Amir and Byron C. Wallace and Hao Lyu and Paula Carvalho MÃ¡rio J. Silva},
  year          = {2016},
  eprint        = {1607.00976},
  archiveprefix = {arXiv},
  primaryclass  = {cs.CL},
  url           = {https://arxiv.org/abs/1607.00976}
}

@article{misra2023Sarcasm,
  title   = {Sarcasm Detection using News Headlines Dataset},
  journal = {AI Open},
  volume  = {4},
  pages   = {13-18},
  year    = {2023},
  issn    = {2666-6510},
  doi     = {https://doi.org/10.1016/j.aiopen.2023.01.001},
  url     = {https://www.sciencedirect.com/science/article/pii/S2666651023000013},
  author  = {Rishabh Misra and Prahal Arora}
}
