@article{misra2023Sarcasm,
  title   = {Sarcasm Detection using News Headlines Dataset},
  journal = {AI Open},
  volume  = {4},
  pages   = {13-18},
  year    = {2023},
  issn    = {2666-6510},
  doi     = {https://doi.org/10.1016/j.aiopen.2023.01.001},
  url     = {https://www.sciencedirect.com/science/article/pii/S2666651023000013},
  author  = {Rishabh Misra and Prahal Arora}
}